%%
%% WinShell 3.3.2.5
%% http://www.winshell.org/
%%

% Strings


% Preamble


% BibTeX Entries
@article{2009AGUFMOS21A1152W,
 author               = {Weinrebe, W. and Kuijpers, A. and Klaucke, I. and Fink, M.},
 journal              = {AGU Fall Meeting Abstracts},
 month                = {Dec},
 note                 = {Provided by the SAO/NASA Astrophysics Data System},
 pages                = {A1152},
 title                = {Multibeam Bathymetry Surveys in Fjords and Coastal Areas of West-Greenland},
 url                  = {http://adsabs.harvard.edu/abs/2009AGUFMOS21A1152W},
 year                 = {2009},
 }

@manual{sensors,
 author               = {Varga Dániel},
 month                = {October},
 organization         = {Department of Automation and Applied Informatics, Budapest University of Technology and Economics},
 title                = {RobonAUT 2014 HW szeminárium},
 year                 = {2013},
 }

@manual{misra,
 month                = {October},
 organization         = {MIRA Ltd.},
 title                = {MISRA-C:2004 Guidelines for the use of the C language in critical systems},
 year                 = {2004},
 }

@manual{rules,
 edition              = {V 1.4},
 month                = {January},
 organization         = {Department of Automation and Applied Informatics, Budapest University of Technology and Economics},
 title                = {RobonAUT 2014 Versenyleírás és szabályzat},
 year                 = {2014},
 }

@proceedings{robonaut_tdk,
    author    = "Beck Zoltán, Szalóki Dávid",
    title     = "Autonóm robot vonalkövetése, különböző szabályozó algoritmusok vizsgálata",
    year      = "2010",
    month    = "november",
    publisher= "BME Conference of Scientific Students' Associations",
}

@book{jacobian,
    author    = "Wettl Ferenc",
    title     = "Lineáris Algebra",
    publisher = "Typotex",
    %volume   = "",
    %number   = "",
    %series   = "",
    %address  = "",
    %edition  = "",
    year      = "2011",
    %month    = "",
    %note     = "",
}

@proceedings{locomotive,
    author    = "John Reedy, Stephen Lunzman",
    title     = "Model Based Design Accelerates the Development of Mechanical Locomotive Controls",
    year      = "2010",
    month    = "october",
    publisher= "SAE 2010 Commercial Vehicle Engineering Congress",
}